@inproceedings{delessy2012securemvc,
  author    = {Nelly Delessy-Gassant and Eduardo B. Fernandez},
  title     = {The Secure MVC pattern},
  booktitle = {10th Latin American and Caribbean Conference for Engineering and Technology},
  year      = {2012},
  address   = {Panama City, Panama},
  note      = {LACCEI International Symposium on Software Architecture and Patterns (LACCEI-ISAP-MiniPLoP'2012)},
}

@inproceedings{cui2009phpmvc,
  author    = {Wei Cui and Lin Huang and LiJing Liang and Jing Li},
  title     = {A Development Framework of PHP Based on MVC Design Patterns - FDF Framework},
  booktitle = {2009 Fourth International Conference on Computer Sciences and Convergence Information Technology},
  year      = {2009},
  pages     = {1077--1082},
  publisher = {IEEE},
  doi       = {10.1109/ICCIT.2009.130},
  address   = {Seoul, Korea (South)},
  month     = {November},
  note      = {Date Added to IEEE Xplore: 31 December 2009},
}

@phdthesis{aihara2012mvc,
  author    = {Diogo Satoru Aihara},
  title     = {A Journey Through the Land of Model-View Design Patterns},
  school    = {Universidad Politécnica de Madrid and Blekinge Institute of Technology},
  year      = {2012},
  note      = {Master of Science Thesis},
  url       = {/mnt/data/a_journey_through_the_land_of_model_view_design_pattern.pdf},
}

@article{qureshi2013comparison,
  author    = {M. Rizwan Jameel Qureshi and Fatima Sabir},
  title     = {A Comparison of Model View Controller and Model View Presenter},
  journal   = {Sci.Int.(Lahore)},
  volume    = {25},
  number    = {1},
  pages     = {7-9},
  year      = {2013},
  url       = {/mnt/data/Comparison_of_model_controller_model.pdf},
}

@mastersthesis{aihara2010usability,
  author    = {Diogo Satoru Aihara},
  title     = {Study About the Relationship Between the Model-View-Controller Pattern and Usability},
  school    = {Universidad Politécnica de Madrid and Blekinge Institute of Technology},
  year      = {2010},
  note      = {Master of Science Thesis},
  url       = {/mnt/data/study_about_the_relationship_between_the_model_view_controller_pattern_and_usability.pdf},
}

@inproceedings{olsson2015evolution,
  author    = {Tobias Olsson and Daniel Toll and Anna Wingkvist and Morgan Ericsson},
  title     = {Evolution and Evaluation of the Model-View-Controller Architecture in Games},
  booktitle = {Proceedings of the 2015 IEEE/ACM 4th International Workshop on Games and Software Engineering},
  year      = {2015},
  pages     = {8--14},
  publisher = {IEEE},
  doi       = {10.1109/GAS.2015.10},
  url       = {https://doi.org/10.1109/GAS.2015.10}
}

@article{eudl63,
  author    = {Anonymous},
  title     = {Understanding MVC: A Study in Web Application Development},
  journal   = {EUDL (European Union Digital Library)},
  year      = {2020},
  url       = {https://eudl.eu/doi/10.4108/eai.20-10-2020.2305151},
}

@article{researchgate64,
  author    = {Anonymous},
  title     = {Comparison of MVC, MVP, and MVVM in Android Development},
  journal   = {ResearchGate},
  year      = {2016},
  url       = {https://www.researchgate.net/publication/304241461_Comparison_of_MVC_MVP_and_MVVM_in_Android_Development},
}

@article{researchgate65,
  author    = {Anonymous},
  title     = {Demystifying MVC Architecture},
  journal   = {ResearchGate},
  year      = {2019},
  url       = {https://www.researchgate.net/publication/334555489_Demystifying_MVC_Architecture},
}

@article{qureshi2024,
  author    = {M. R. J. Qureshi and F. Sabir},
  title     = {A COMPARISON OF MODEL VIEW CONTROLLER AND MODEL VIEW PRESENTER},
  journal   = {Journal of Computing and Information Technology},
  year      = {2024},
  volume    = {XX},
  number    = {YY},
  pages     = {ZZ-ZZ},
  publisher  = {King Abdulaziz University},
  address   = {Jeddah, Kingdom of Saudi Arabia},
  email     = {anriz@hotmail.com}
}

@inproceedings{arcos2018comparative,
  author    = {Gloria Arcos-Medina and Jorge Menéndez and Javier Vallejo},
  title     = {Comparative Study of Performance and Productivity of MVC and MVVM design patterns},
  booktitle = {Simposio Iberoamericano en Programación Informática (Ibero-American Symposium on Computer Programming)},
  year      = {2018},
  pages     = {241--252},
  publisher = {Knowledge E},
  doi       = {10.18502/keg.v1i2.1498},
  url       = {https://doi.org/10.18502/keg.v1i2.1498}
}
